%% Bibliography.

@article{Feistauer2004,
  author = {Feistauer, M. and Švadlenka, K.},
  title  = {Discontinuous Galerkin method of lines for solving nonstationary singularly perturbed linear problems},
  year   = {2004},
  doi    = {https://doi.org/10.1515/156939504323074504}
}

@article{Feistauer2007,
  author = {Feistauer, M. and Hájek, J. and Švadlenka, K.},
  title  = {Space-time discontinuos Galerkin method for solving nonstationary convection-diffusion-reaction problems},
  year   = {2007},
  doi    = {https://doi.org/10.1007/s10492-007-0011-8}
}

@book{Brezis2010,
  author = {Brezis, H.},
  title  = {Functional Analysis, Sobolev Spaces and Partial Differential Equations},
  year   = {2010},
  doi    = {https://doi.org/10.1007/978-0-387-70914-7}
}

@book{Ern2021,
  author = {Ern, A. and Guermond, J.},
  title  = {Finite Elements III},
  year   = {2021},
  doi    = {https://doi.org/10.1007/978-3-030-57348-5}
}